% $Revision: 845 $ $Date: 2015-05-04 12:27:16 +0200 (Mon, 04 May 2015) $ $LastChangedBy: frli8848 $

@Article{Piwakowski1999,
  author={Piwakowski, B. and Sbai, K.},
  title={A New Approach to Calculate the Field Radiated from Arbitrarily Structured Transducer Arrays},
  journal={IEEE Transactions on Ultrasonics, Ferroelectrics and Frequency Control},
  volume={46},
  number={2},
  pages={422--40},
  year={1999},
  moth={March},
}

@Article{Piwakowski1989,
  author={Piwakowski, B. and Delannoy, B.},
  title={Method for Computing Spatial Pulse Response: Time-domain Approach},
  journal=jasa,
  volume={86},
  number={6},
  pages={2422--32},
  year={1989},
  month={Dec},
}


@Article{Tupholme1969,
  author =       {Tupholme,G. E.},
  title =        {Generation of acoustic pulses by baffled plane pistons},
  journal =      {Mathematika},
  year =         {1969},
  OPTkey =       {},
  volume =       {16},
  OPTnumber =    {},
  pages =        {209-224},
  OPTmonth =     {},
  OPTnote =      {},
  OPTannote =    {}
}

@Article{Stepanishen1971a,
author={Stepanishen, P.R.},
title={Transient Radiation fom Pistons in an Infinite Planar Baffle},
journal=jasa,
volume={49},
pages={1629--38},
year={1971},
}

@Article{Stepanishen1981,
author={Stepanishen, P.R.},
title={Pulsed transmit/receive response of ultrasonic piezoelectric transducers},
journal=jasa,
volume={69},
pages={1815--1827},
year={1981},
}

@Article{Lockwood1973,
  author =       {J.C. Lockwood and J.G. Willette},
  title =        {High-speed method for computing the exact solution for the pressure variations in the nearfield of a baffled piston},
  journal =      jasa,
  year =         {1973},
  OPTkey =       {},
  volume =       {53},
  number =       {3},
  pages =        {735--741},
  month =        {March},
  OPTnote =      {},
  OPTannote =    {}
}

@Article{harris1981,
author={Harris, G.R.},
title={Review of transient field theory for a baffled planar piston},
journal={Journal of the Acoustical Society of America},
volume={70},
pages={10},
year={1981},
}

@Article{lasota1984,
author={Lasota, H. and Salamon, R. and Delannoy, B.},
title={Acoustic diffraction analysis by the impulse response method: a line impulse response approach},
journal=jasa,
volume={76},
pages={280},
year={1984},
}

@Article{penttinen1976,
author={Penttinen, A. and Luukkala, M.},
title={The impulse response and pressure nearfield of a curved ultrasonic radiator},
journal=jasa,
volume={9},
pages={1547},
year={1976},
}

@Article{jensen1996,
author={Jensen, J.A.},
title={Ultrasound fields from triangular apertures},
journal=jasa,
volume={100},
pages={2049},
year={1996},
}

@Article{crombie1997,
author={Crombie, P. and Bascom, P.A.J. and Cobbold, R.S.C.},
title={Calculating the pulsed response of linear arrays: accuracy versus computational efficiency},
journal={IEEE Transactions on Ultrasonics, Ferroelectrics and Frequency Control},
volume={44},
pages={997},
year={1997},
}


@Misc{octave,
  OPTkey =       {},
  OPTauthor =    {},
  OPTtitle =     {},
  howpublished = {\url{http://www.octave.org}},
  OPTmonth =     {},
  OPTyear =      {},
  OPTnote =      {},
  OPTannote =    {}
}

@Misc{octave-forge,
  OPTkey =       {},
  OPTauthor =    {},
  OPTtitle =     {},
  howpublished = {\url{http://octave.sourceforge.net/}},
  OPTmonth =     {},
  OPTyear =      {},
  OPTnote =      {},
  OPTannote =    {}
}


@Misc{posix-threads-1,
  OPTkey =       {},
  OPTauthor =    {},
  OPTtitle =     {},
  howpublished = {\url{http://www.yolinux.com/TUTORIALS/LinuxTutorialPosixThreads.html}},
  OPTmonth =     {},
  OPTyear =      {},
  OPTnote =      {},
  OPTannote =    {}
}

@Misc{posix-threads-2,
  OPTkey =       {},
  OPTauthor =    {},
  OPTtitle =     {},
  howpublished = {\url{http://www.humanfactor.com/pthreads/pthreadlinks.html}},
  OPTmonth =     {},
  OPTyear =      {},
  OPTnote =      {},
  OPTannote =    {}
}



@Misc{linux-threads,
  OPTkey =       {},
  OPTauthor =    {},
  OPTtitle =     {},
  howpublished = {\url{http://pauillac.inria.fr/~xleroy/linuxthreads/}},
  OPTmonth =     {},
  OPTyear =      {},
  OPTnote =      {},
  OPTannote =    {}
}

@Misc{fftw,
  OPTkey =       {},
  OPTauthor =    {},
  OPTtitle =     {},
  howpublished = {\url{http://www.fftw.org}},
  OPTmonth =     {},
  OPTyear =      {},
  OPTnote =      {},
  OPTannote =    {}
}

@Article{Lhemery1991,
  author =       {A. Lh\'{e}mery},
  title =        {Impulse-Response Method to Predict Echo-Responses from Targets of Complex Geometry. {P}art {I}: Theory},
  journal =      {J. Acoust. Soc. Am.},
  year =         {1991},
  OPTkey =       {},
  volume =       {90},
  number =       {5},
  pages =        {2799--2807},
  month =        {November},
  OPTnote =      {},
  OPTannote =    {}
}


@Article{Grosso1974,
  author =       {Del Grosso, V. A.},
  title =        {New equation for the speed of sound in natural waters (with comparisons to other equations)},
  journal =      jasa,
  year =         {1974},
  OPTkey =       {},
  volume =       {56},
  number =       {4},
  pages =        {1084--109},
  month =        {October},
  OPTnote =      {},
  OPTannote =    {}
}


@Article{Whiley1985,
  author =       {C.A. Wiley},
  title =        {Synthetic Aperture Radars},
  journal =      {IEEE Trans. on Aerosp. Electron. Syst.},
  year =         {1985},
  OPTkey =       {},
  volume =       {21},
  OPTnumber =    {},
  pages =        {440--443},
  OPTmonth =     {},
  OPTnote =      {},
  OPTannote =    {}
}



@Article{Sherwin1962,
  author =       {C.W. Sherwin and J.P. Ruina and R.D. Rawcliffe},
  title =        {Some Early Developments in Synthetic Aperture Radar Systems},
  journal =      {IRE Trans. Military Electron.},
  year =         {1962},
  OPTkey =       {},
  volume =       {6},
  OPTnumber =    {},
  pages =        {111--115},
  month =        {Apr},
  OPTnote =      {},
  OPTannote =    {}
}

@Article{Gough1997,
  author =       {P.T. Gough and D.W. Hawkins},
  title =        {Imaging Algorithms for Strip-Map Synthetic Aperture Sonar: Minimizing the Effects of Aperure Errors and Aperture Undersampling},
  journal =      {IEEE Journal of Oceanic Engineering},
  year =         {1997},
  OPTkey =       {},
  volume =       {22},
  Tnumber =      {1},
  pages =        {27--39},
  month =        {Jan},
  OPTnote =      {},
  OPTannote =    {}
}

@Article{Doctor1986,
  author =       {Doctor, S.R. and Hall, T.E. AND Reid, L.D.},
  title =        {{SAFT}---The evolution of a signal processing technology for ultrasonic testing},
  journal =      {NDT International},
  year =         {1986},
  OPTkey =       {},
  volume =       {19},
  number =       {3},
  pages =        {163--172},
  month =        {June},
  OPTnote =      {},
  OPTannote =    {}
}

@InCollection{Seydel1982,
  author =       {J.A. Seydel},
  title =        {Ultrasonic Synthetic-aperture Focusing Techniques in {NDT}},
  booktitle =    {},
  OPTcrossref =  {},
  OPTkey =       {},
  OPTpages =     {},
  publisher = {Academic Press},
  year =         {1982},
  OPTeditor =    {},
  OPTvolume =    {6},
  OPTnumber =    {},
  series =       {Research Techniques for Nondestructive Testing},
  OPTtype =      {},
  OPTchapter =   {},
  OPTaddress =   {},
  OPTedition =   {},
  OPTmonth =     {},
  OPTnote =      {},
  OPTannote =    {}
}

@Article{Frazier1998,
  author =       {C.H. Frazier and W.D. O'Brien, Jr.},
  title =        {Synthetic aperture techniques with a virtual source element},
  journal =      {\IEEEuffc},
  year =         {1998},
  OPTkey =       {},
  volume =       {45},
  number =       {1},
  pages =        {196--207},
  month =        {January},
  OPTnote =      {},
  OPTannote =    {}
}
@Book{Aki1980,
  author =       {K. Aki and P.G. Richards},
  ALTeditor =    {},
  title =        {Quantitative Seismology},
  publisher =    {W.H. Freeman, San Francisco},
  year =         {1980},
  OPTkey =       {},
  OPTvolume =    {},
  OPTnumber =    {},
  OPTseries =    {},
  OPTaddress =   {},
  OPTedition =   {},
  OPTmonth =     {},
  OPTnote =      {},
  OPTannote =    {}
}

@Book{Kino1987,
  author =       {G. S. Kino},
  ALTeditor =    {},
  title =        {Acoustic Waves: Devices, Imaging and Analog Signal Processing},
  publisher =    {Prentice-Hall},
  year =         {1987},
  OPTkey =       {},
  volume =       {6},
  OPTnumber =    {},
  series =       {Prentice-Hall Signal Processing Series},
  OPTaddress =   {},
  OPTedition =   {},
  OPTmonth =     {},
  OPTnote =      {},
  OPTannote =    {}
}

@Article{Stoughton1992,
  author =       {R. Stoughton},
  title =        {Optimal Near-field Measurement in the Prescence of Noise and Reflections},
  journal =      {jasa},
  year =         {1992},
  OPTkey =       {},
  volume =       {92},
  number =       {2},
  pages =        {831--840},
  month =        {August},
  OPTnote =      {},
  OPTannote =    {}
}

@Article{Stoughton1993,
  author =       {R. Stoughton},
  title =        {Source Imaging with Minimum Mean-Squared Error},
  journal =      {jasa},
  year =         {1993},
  OPTkey =       {},
  volume =       {94},
  number =       {2},
  pages =        {827--834},
  month =        {Aug},
  OPTnote =      {},
  OPTannote =    {}
}

@Article{Strait1995,
  author =       {S. Strait and R. Stoughton},
  title =        {Source Imaging with Minimum Mean-Squared Error},
  journal =      {jasa},
  year =         {1993},
  OPTkey =       {},
  volume =       {94},
  number =       {2},
  pages =        {827--834},
  month =        {August},
  OPTnote =      {},
  OPTannote =    {}
}

@Article{Lingvall2003,
  author =       {F. Lingvall and T. Olofsson and T. Stepinski},
  title =        {Synthetic Aperture Imaging using Sources with Finite Aperture: Deconvolution of The Spatial Impulse Response},
  journal =      jasa,
  year =         {2003},
  OPTkey =       {},
  volume =       {114},
  number =       {1},
  pages =        {225--234},
  month =        {July},
  OPTnote =      {},
  OPTannote =    {}
 }

@Article{Lingvall2004,
  author =       {F. Lingvall},
  title =        {A method of improving overall resolution in ultrasonic array imaging using spatio-temporal deconvolution},
  journal =      {Ultrasonics},
  year =         {2004},
  OPTkey =       {},
  volume =       {42},
  OPTnumber =    {},
  pages =        {961--968},
  OPTmonth =     {},
  OPTnote =      {},
  OPTannote =    {}
 }

@Article{Lingvall2007,
  author =       {F. Lingvall and T. Olofsson},
  title =        {On Time-domain Model Based Ultrasonic Array Imaging},
  journal =      IEEE_J_UFFC,
  year =         {2007},
  OPTkey =       {},
  volume =       {54},
  number =       {8},
  pages =        {1623--1633},
  OPTmonth =     {},
  OPTnote =      {{A}ccepted for publication in the Special Issue on High Resolution Ultrasonic Imaging in Industrial, Material and Biomaterial Applications},
  OPTannote = {},
 }

@Article{Tol2007,
  author =       {T. Olofsson and E.Wennerstr\"{o}m},
  title =        {Sparse Deconvolution of {B}-Scan Images},
  journal =      IEEE_J_UFFC,
  year =         {2007},
  OPTkey =       {},
  volume =       {54},
  number =       {8},
  pages =        {1634--1641},
  OPTmonth =     {},
  OPTnote =      {{A}ccepted for publication in the Special Issue on High Resolution Ultrasonic Imaging in Industrial, Material and Biomaterial Applications},
  OPTannote = {},
 }
